<?xml version="1.0" encoding="UTF-8"?><collection xmlns="http://www.loc.gov/MARC21/slim"><record><leader>00570nam--2200169-i-4500</leader><controlfield tag="001">000018985</controlfield><controlfield tag="002">20161230</controlfield><controlfield tag="005">20161230201033</controlfield><controlfield tag="008">060222s1000------------r-----000-0-eng-d</controlfield><datafield ind1=" " ind2=" " tag="040"><subfield code="a">IFIN-HH</subfield></datafield><datafield ind1=" " ind2=" " tag="080"><subfield code="a">539.12</subfield></datafield><datafield ind1="1" ind2=" " tag="100"><subfield code="a">Hamilton, J</subfield></datafield><datafield ind1="1" ind2="0" tag="245"><subfield code="a">The dynamics of elementary particles and the pion-nucleon interaction</subfield><subfield code="b">Course b lectures given by j. hamilton notes prepared with the help of hakan snellman</subfield><subfield code="c">J. hamilton</subfield></datafield><datafield ind1=" " ind2=" " tag="260"><subfield code="a">Copenhagen</subfield><subfield code="b">The Niels Bohr Institute And Nordita</subfield><subfield code="c">1968</subfield></datafield><datafield ind1=" " ind2=" " tag="300"><subfield code="a">276P</subfield></datafield><datafield ind1=" " ind2=" " tag="852"><subfield code="a">28848</subfield><subfield code="c">539.12</subfield></datafield><datafield ind1=" " ind2=" " tag="CAT"><subfield code="a">Sys</subfield><subfield code="c">20111116</subfield><subfield code="h">094241</subfield></datafield></record></collection>